@article{UnQover,
author = "Tao Li, Tushar Khot, Daniel Khashabi, Ashish Sabharwal, Vivek Srikumar",
title = "UNQOVERing Stereotyping Biases via Underspecified Questions",
DOI = "arXiv:2010.02428"
}



@article{corefres1,
author = "Rachel Rudinger, Jason Naradowsky, Brian Leonard, and Benjamin Van Durme",
title = "Gender bias in coreference resolution",
yeat = "2018",
volume = "In Proceedings of the 2018 Conference of the North American Chapter of the Association for Computational Linguistics: Human Language Technologies"
}

@article{corefres2,
author = "Jieyu Zhao, Tianlu Wang, Mark Yatskar, Vicente Ordonez, and Kai-Wei Chang",
title = "Gender bias in coreference resolution: Evaluation and debiasing methods",
yeat = "2018",
volume = "In Proceedings of the 2018 Conference of the North American Chapter of the Association for Computational Linguistics: Human Language Technologies"
}
                  
@article{corefres3,
author = "Keita Kurita, Nidhi Vyas, Ayush Pareek, Alan W Black, and Yulia Tsvetkov",
title = "Quantifying Social Biases in Contextual Word Representations",
yeat = "2019",
volume = "In 1st ACL Workshop on Gender Bias for Natural Language Processing"
}
                  
@article{mechtrans1,
author = "Gabriel Stanovsky, Noah A Smith, and Luke Zettlemoyer",
title = "Evaluating gender bias in machine translation",
yeat = "2019",
volume = "In Proceedings of the 57th Annual Meeting of the Association for Computational Linguistics"
}
                  
@article{mechtrans2,
author = "Won Ik Cho, Ji Won Kim, Seok Min Kim, and Nam Soo Kim",
title = "On measuring gender bias in translation of gender-neutral pronouns",
yeat = "2019",
volume = "In Proceedings of the First Workshop on Gender Bias in Natural Language Processing."
}

@article{textentail1,
author = "Sunipa Dev, Tao Li, Jeff Philips, and Vivek Srikumar",
title = "On Measuring and Mitigating Biased Inferences of Word Embeddings",
yeat = "2020",
volume = "In the Thirty-Fourth AAAI Conference on Artificial Intelligence"
}
                  
@article{langgen1,
author = "Emily Sheng, Kai-Wei Chang, Prem Natarajan, and Nanyun Peng",
title = "The Woman Worked as a Babysitter: On Biases in Language Generation",
yeat = "2019",
volume = "In Proceedings of the 2019 Conference on Empirical Methods in Natural Language Processing and the 9th International Joint Conference on Natural Language Processing"
}


@article{clinclass1,
author = "Haoran Zhang, Amy X Lu, Mohamed Abdalla, Matthew McDermott, and Marzyeh Ghassemi",
title = "Hurtful words: Quantifying biases in clinical contextual word embeddings",
yeat = "2020",
volume = "In Proceedings of the ACM Conference on Health, Inference, and Learning"
}


@article{mitigation1,
author = "Tolga Bolukbasi, Kai-Wei Chang, James Zou, Venkatesh Saligrama, and Adam Kalai",
title = "Quantifying and Reducing Bias in Word Embeddings",
yeat = "2016",
volume = "In International Conference on Machine Learning Workshop on Data4Good"
}

@article{mitigation2,
author = "Sunipa Dev, Tao Li, Jeff Philips, and Vivek Srikumar",
title = "On Measuring and Mitigating Biased Inferences of Word Embeddings",
yeat = "2020",
volume = "In the Thirty-Fourth AAAI Conference on Artificial Intelligence"
}

@article{mitigation3,
author = "Shauli Ravfogel, Yanai Elazar, Hila Gonen, Michael Twiton, and Yoav Goldberg",
title = "Null It Out: Guarding Protected Attributes by Iterative Nullspace Projection",
yeat = "2020",
volume = "In Proceedings of the 58th Annual Meeting of the Association for Computational Linguistics"
}

@article{mitigation4,
author = Sunipa Dev, Tao Li, Jeff M Phillips, and Vivek Srikumar"",
title = "OSCaR: Orthogonal Subspace Correction and Rectification of Biases in Word Embeddings",
yeat = "2020"
}









